@Article{Everingham10, 
   author = "Everingham, M. and Van~Gool, L. and Williams, C. K. I. and Winn, J. and Zisserman, A.", 
   title = "The Pascal Visual Object Classes (VOC) Challenge", 
   journal = "International Journal of Computer Vision", 
   volume = "88", 
   year = "2010", 
   number = "2", 
   month = jun, 
   pages = "303--338", 
},
@article{DBLP:journals/corr/abs-1210-3448,
  author    = {Adela Barriuso and
               Antonio Torralba},
  title     = {Notes on image annotation},
  journal   = {CoRR},
  volume    = {abs/1210.3448},
  year      = {2012},
  url       = {http://arxiv.org/abs/1210.3448},
  archivePrefix = {arXiv},
  eprint    = {1210.3448},
  timestamp = {Fri, 14 Jul 2017 14:59:18 +0200},
  biburl    = {https://dblp.org/rec/bib/journals/corr/abs-1210-3448},
  bibsource = {dblp computer science bibliography, https://dblp.org}
},

@article{DBLP:journals/corr/HsiehLH17,
  author    = {Meng{-}Ru Hsieh and
               Yen{-}Liang Lin and
               Winston H. Hsu},
  title     = {Drone-based Object Counting by Spatially Regularized Regional Proposal
               Network},
  journal   = {CoRR},
  volume    = {abs/1707.05972},
  year      = {2017},
  url       = {http://arxiv.org/abs/1707.05972},
  archivePrefix = {arXiv},
  eprint    = {1707.05972},
  timestamp = {Sat, 05 Aug 2017 14:56:08 +0200},
  biburl    = {https://dblp.org/rec/bib/journals/corr/HsiehLH17},
  bibsource = {dblp computer science bibliography, https://dblp.org}
},
@article{DBLP:journals/corr/RedmonDGF15,
  author    = {Joseph Redmon and
               Santosh Kumar Divvala and
               Ross B. Girshick and
               Ali Farhadi},
  title     = {You Only Look Once: Unified, Real-Time Object Detection},
  journal   = {CoRR},
  volume    = {abs/1506.02640},
  year      = {2015},
  url       = {http://arxiv.org/abs/1506.02640},
  archivePrefix = {arXiv},
  eprint    = {1506.02640},
  timestamp = {Wed, 07 Jun 2017 14:40:10 +0200},
  biburl    = {https://dblp.org/rec/bib/journals/corr/RedmonDGF15},
  bibsource = {dblp computer science bibliography, https://dblp.org}
},
@article{Ren2017,
archivePrefix = {arXiv},
arxivId = {1506.01497},
author = {Ren, Shaoqing and He, Kaiming and Girshick, Ross and Sun, Jian},
doi = {10.1109/TPAMI.2016.2577031},
eprint = {1506.01497},
file = {:C$\backslash$:/Users/langh/Dropbox/MCC-I Masters/Thesis/A17/3. Drone paper summary/references/5638-faster-r-cnn-towards-real-time-object-detection-with-region-proposal-networks.pdf:pdf},
isbn = {0162-8828 VO - PP},
issn = {0162-8828},
journal = {IEEE Transactions on Pattern Analysis and Machine Intelligence},
number = {6},
pages = {1137--1149},
pmid = {27295650},
title = {{Faster R-CNN: Towards Real-Time Object Detection with}},
url = {https://github.com/rbgirshick/py-faster-rcnn{\%}0Ahttps://github.com/shaoqingren/faster{\_}rcnn},
volume = {39},
year = {2017}
},

@article{King:2009:DML:1577069.1755843,
 author = {King, Davis E.},
 title = {Dlib-ml: A Machine Learning Toolkit},
 journal = {J. Mach. Learn. Res.},
 issue_date = {12/1/2009},
 volume = {10},
 month = dec,
 year = {2009},
 issn = {1532-4435},
 pages = {1755--1758},
 numpages = {4},
 url = {http://dl.acm.org/citation.cfm?id=1577069.1755843},
 acmid = {1755843},
 publisher = {JMLR.org},
},

@inproceedings{stiefelhagen2006clear,
  title={The CLEAR 2006 evaluation},
  author={Stiefelhagen, Rainer and Bernardin, Keni and Bowers, Rachel and Garofolo, John and Mostefa, Djamel and Soundararajan, Padmanabhan},
  booktitle={International evaluation workshop on classification of events, activities and relationships},
  pages={1--44},
  year={2006},
  organization={Springer}
}